% network surveys
@article{goldenberg2010survey,
    author={Anna Goldenberg and
            Alice X. Zheng and
            Stephen E. Fienberg and
            Edoardo M. Airoldi},
    title={A Survey of Statistical Network Models},
    journal={Foundations and Trends in Machine Learning},
    year={2010},
    volume={2},
    number={2},
    pages={129-233}
}

% nonparametric models for networks
@article{chatterjee2015univsvd,
    author = {Sourav Chatterjee},
    title = {Matrix Estimation by Universal Singular Value Thresholding},
    journal = {The Annals of Statistics},
    year = {2015},
    volume = {43},
    number = {1},
    pages = {177 -- 214}
}

@inproceedings{chan2014histo,
    author = {Stanley H. Chan and
              Edoardo M. Airoldi},
    title = {A Consistent Histogram Estimator for Exchangeable Graph Models},
    booktitle = {Proceedings of the 31st International Conference of Machine Learning},
    volume = {32},
    series = {ICML'14},
    location = {Beijing, China},
    pages = {I-208--I-216},
    year = {2014},
    publisher = {JMLR.org}
}

% graphon theory
@article{borgs2008graphon,
    author={C. Borgs and
            J.T. Chayes and
            L. Lov\'asz and
            V.T. S\'os and
            K. Vesztergombi},
    title = {Convergent Sequences of Dense Graphs I: Subgraph Frequencies, Metric Properties and Testing},
    journal = {Advances in Mathematics},
    year = {2008},
    volume = {219},
    number = {6},
    pages = {1801 -- 1851}
}

@article{gao2015optgraphon,
    author={Chao Gao and
            Harrison H. Zhou},
    title={Rate-Optimal Graphon Estimation},
    journal={The Annals of Statistics},
    year={2015},
    volume={43},
    number={6},
    pages={2624--2652},
}

@article{cai2016digraphon,
    author={Diana Cai and
            Nathanael Ackerman and
            Cameron Freer},
    title={Priors on exchangeable directed graphs},
    journal={arXiv preprint: arxiv:1510.08440v2},
    year={2016}
}
